@article{gu2022review,
  title={A Review of Safe Reinforcement Learning: Methods, Theory and Applications},
  author={Gu, Shangding and Yang, Lin and Du, Yiming and Chen, Guannan and Walter, Florian and Wang, Jun and Knoll, Alois},
  journal={arXiv preprint arXiv:2205.10330},
  year={2022}
}

@article{lu2023industrial,
  title={Safe reinforcement learning for industrial optimal control: A case study in gold ore roasting},
  author={Lu, Yuchen and Song, Chenguang and Liu, Jinfeng and Xie, Lihua and Liu, Tao},
  journal={Information Sciences},
  volume={631},
  pages={110--125},
  year={2023},
  publisher={Elsevier}
}

@article{hsu2022sim2real,
  title={Sim-to-Lab-to-Real: Safe Reinforcement Learning with Shielding and Generalization Guarantees},
  author={Hsu, Kai-Chieh and Luo, Yujia and Kumar, Rohan and Tomlin, Claire J and Sadigh, Dorsa},
  journal={arXiv preprint arXiv:2201.08355},
  year={2022}
}

@article{mnih2015human,
  title={Human-level control through deep reinforcement learning},
  author={Mnih, Volodymyr and Kavukcuoglu, Koray and Silver, David and Rusu, Andrei A and Veness, Joel and Bellemare, Marc G and Graves, Alex and Riedmiller, Martin and Fidjeland, Andreas K and Ostrovski, Georg and others},
  journal={Nature},
  volume={518},
  number={7540},
  pages={529--533},
  year={2015},
  publisher={Nature Publishing Group}
}
